<record><leader>00000cas a2200000 a 4500</leader><controlfield tag="001">11615684</controlfield><controlfield tag="008">850124c19269999txudn ne      0   a0eng d</controlfield><datafield ind1=" " ind2=" " tag="010"><subfield code="a">sn 85004909 </subfield></datafield><datafield ind1=" " ind2=" " tag="040"><subfield code="a">TXR</subfield><subfield code="b">eng</subfield><subfield code="c">TXR</subfield><subfield code="d">NSD</subfield><subfield code="d">PPM</subfield><subfield code="d">OCL</subfield><subfield code="d">OCLCQ</subfield></datafield><datafield ind1=" " ind2=" " tag="012"><subfield code="m">1</subfield></datafield><datafield ind1="1" ind2=" " tag="022"><subfield code="a">0885-8047</subfield><subfield code="l">0885-8047</subfield><subfield code="2">1</subfield></datafield><datafield ind1="1" ind2=" " tag="029"><subfield code="a">AU@</subfield><subfield code="b">000045278977</subfield></datafield><datafield ind1=" " ind2=" " tag="032"><subfield code="a">410260</subfield><subfield code="b">USPS</subfield></datafield><datafield ind1=" " ind2=" " tag="037"><subfield code="b">The Orange Leader, P.O. Box 1028, Orange, TX 77631-1028</subfield></datafield><datafield ind1=" " ind2=" " tag="042"><subfield code="a">nsdp</subfield></datafield><datafield ind1="0" ind2=" " tag="130"><subfield code="a">Orange leader (Orange, Tex. : 1926)</subfield></datafield><datafield ind1=" " ind2="4" tag="222"><subfield code="a">The Orange leader</subfield></datafield><datafield ind1="1" ind2="4" tag="245"><subfield code="a">The Orange leader.</subfield></datafield><datafield ind1="1" ind2="3" tag="246"><subfield code="a">Orange leader and tribune</subfield></datafield><datafield ind1=" " ind2=" " tag="260"><subfield code="a">Orange, Tex. :</subfield><subfield code="b">Orange Print. Co.</subfield></datafield><datafield ind1=" " ind2=" " tag="300"><subfield code="a">v. :</subfield><subfield code="b">ill. ;</subfield><subfield code="c">56 cm.</subfield></datafield><datafield ind1=" " ind2=" " tag="310"><subfield code="a">Daily</subfield></datafield><datafield ind1=" " ind2=" " tag="321"><subfield code="a">Daily (except Sat.)</subfield></datafield><datafield ind1="1" ind2=" " tag="362"><subfield code="a">Began with Nov. 19, 1926 issue.</subfield></datafield><datafield ind1=" " ind2=" " tag="500"><subfield code="a">Later published by Orange Leader Pub. Co.</subfield></datafield><datafield ind1=" " ind2=" " tag="588"><subfield code="a">Description based on: Vol. 13, no. 239 (Apr. 8, 1927).</subfield></datafield><datafield ind1=" " ind2=" " tag="752"><subfield code="a">United States</subfield><subfield code="b">Texas</subfield><subfield code="c">Orange</subfield><subfield code="d">Orange.</subfield></datafield><datafield ind1="0" ind2="0" tag="780"><subfield code="t">Orange daily leader</subfield><subfield code="w">(OCoLC)13696194</subfield></datafield><datafield ind1=" " ind2=" " tag="936"><subfield code="a">Unknown</subfield><subfield code="a">Oct. 2, 1985</subfield></datafield></record>